
@jurisdiction{noauthor_notitle_nodate,
}

@book{bungenberg_rohstoffrecht_2019,
	location = {Heidelberg},
	title = {Rohstoffrecht in der Praxis: Deutsche und europäisches Normenkontrollrecht},
	volume = {4},
	shorttitle = {Rohstoffrecht},
	publisher = {Frankfurt Business School},
	author = {Bungenberg, Marc},
	date = {2019},
}

@jurisdiction{noauthor_notitle_nodate-1,
}

@book{bungenberg_rohstoffrecht_2019-1,
	location = {Heidelberg},
	title = {Rohstoffrecht in der Praxis: Deutsche und europäisches Normenkontrollrecht},
	volume = {4},
	shorttitle = {Rohstoffrecht},
	publisher = {Frankfurt Business School},
	author = {Bungenberg, Marc},
	date = {2019},
}

@book{zeisberg_rohstoffvolkerrecht_2021,
	title = {Ein Rohstoffvölkerrecht für das 21. Jahrhundert},
	series = {Studien zu Internationalen Wirtschaftsrecht},
	number = {32},
	publisher = {Nomos},
	author = {Zeisberg, Marie-Christine},
	date = {2021},
}

@misc{u_s_geological_survey_final_2022,
	title = {Final List of Critical Minerals},
	url = {87 FR 10381},
	author = {U. S. Geological Survey},
	date = {2022},
}

@book{thielmann_batterien_2020,
	title = {Batterien für Elektroautos: Faktencheck und Handlungsbedarf},
	publisher = {Fraunhofer {ISI}},
	author = {Thielmann, Axel and Wietschel, Martin and Funke, Simon and Grimm, Anna and Hettesheimer, Tim and Langkau, Sabine and Loibl, Antonia and Moll, Cornelius and Neef, Christoph and Plötz, Patrick and Sievers, Luisa and Tercero Espinoza, Luis and Edler, Jakob},
	date = {2020},
}

@article{economist_slowbalisation_2019,
	title = {Slowbalisation. The future of global commerce},
	author = {Economist, The},
	date = {2019-01-24},
}

@inbook{terhechte_konsolidierung_2015,
	title = {Konsolidierung oder Emergenz? – Impulse des Lissabonner Vertrags für ein europäisches Rohstoffrecht},
	pages = {357--386},
	booktitle = {Konsolidierung und Entwicklungsperspektiven des Europäischen Umweltrechts},
	publisher = {Nomos},
	author = {Terhechte, Jörg Philipp},
	bookauthor = {Nowak, Carsten},
	date = {2015},
}

@article{terhechte_falle_2012,
	title = {In der Falle? Es droht eine Abschottung des Rechts – Europäische Rechtsgebiete wie das Rohstoffrecht verlangen eine Neupositionierung der Wissenschaft},
	pages = {12},
	journaltitle = {Frankfurter Allgemeine Zeitung},
	author = {Terhechte, Jörg Philipp},
	date = {2012-12-27},
}

@book{feil_rohstoffkonflikte_2011,
	title = {Rohstoffkonflikte nachhaltig vermeiden. Ansätze zur Risikominimierung (Teilbericht 4)},
	publisher = {Umweltbundesamt},
	author = {Feil, Monika and Barkemeyer, Janina and Supersberger, Nikolaus},
	date = {2011},
}

@book{schraven_internationale_1982,
	title = {Internationale und supranationale Rohstoffverwaltung},
	series = {Schriftenreihe der Deutschen Universität für Verwaltungswissenschaften Speyer},
	number = {Bd. 89},
	publisher = {Deutsche Universität für Verwaltungswissenschaften Speyer},
	author = {Schraven, Josef},
	date = {1982},
}

@incollection{schorkopf_internationale_nodate,
	title = {Internationale Rohstoffverwaltung zwischen Lenkung und Markt},
	author = {Schorkopf},
}

@article{schorkopf_internationale_2008,
	title = {Internationale Rohstoffverwaltung zwischen Lenkung und Markt},
	volume = {46},
	issn = {1868-7121},
	pages = {233 -- 258},
	issue = {- 2},
	journaltitle = {Treatises},
	author = {Schorkopf, Frank},
	date = {2008},
	note = {Publisher: Mohr Siebeck},
}

@incollection{schmidt_theorie_2019,
	location = {Wiesbaden},
	title = {Theorie der Wirtschaftspolitik},
	pages = {1--114},
	booktitle = {Kompendium der Wirtschaftstheorie und Wirtschaftspolitik {III} : Wirtschaftspolitik},
	publisher = {Springer Fachmedien Wiesbaden},
	author = {Schmidt, André},
	editor = {Apolte, Thomas and Erlei, Mathias and Göcke, Matthias and Menges, Roland and Ott, Notburga and Schmidt, André},
	date = {2019},
}

@collection{lorenzmeier_recht_2017,
	location = {Baden-Baden},
	edition = {1},
	title = {Recht und Realität},
	publisher = {Nomos},
	editor = {Lorenzmeier, Stefan and Folz, Hans-Peter},
	date = {2017},
}

@incollection{schladebach_zur_2017,
	title = {Zur Renaissance des Rohstoffvölkerrechts},
	pages = {593--612},
	booktitle = {Recht und Realität. Festschrift für Christoph Vedder},
	publisher = {Nomos},
	author = {Schladebach, Marcus},
	editor = {Lorenzmeier, Stefan and Folz, Hans-Peter},
	date = {2017},
}

@article{schelewsky_vulnerabilitat_2017,
	title = {Vulnerabilität und Resilienz im Verkehrssektor Autor/innen Marc Schelewsky},
	volume = {4},
	pages = {25--26},
	number = {32},
	journaltitle = {Ökologisches Wirtschaften},
	author = {Schelewsky, Marc and Canzler, Weert},
	date = {2017},
}

@article{schaffer_ausenwirtschaftsrecht_2023,
	title = {Außenwirtschaftsrecht und Geopolitik: eine Neuorientierung},
	volume = {15},
	pages = {695--701},
	journaltitle = {Europäische Zeitschrift für Wirtschaftsrecht},
	shortjournal = {{EuZW}},
	author = {Schäffer, Johannes},
	date = {2023},
}

@book{sausmikat_chinas_2015,
	title = {Chinas Rohstoffhunger. Perspektiven der Zivilgesellschaft},
	publisher = {Stiftung Asienhaus},
	author = {Sausmikat, Nora},
	date = {2015},
}

@article{sauga_klub_2023,
	edition = {18},
	title = {Ein Klub gegen China},
	pages = {61},
	journaltitle = {Der Spiegel},
	author = {Sauga, Michael},
	date = {2023-04-29},
}

@article{sandkamp_reshoring_2022,
	title = {Reshoring by Decree? The Effects of Decoupling Europe from Global Value Chains},
	volume = {57},
	abstract = {Overall, decoupling from certain countries may be both politically necessary and economically feasible, at least in the long run. However, a general shift of production back to Europe would be accompanied by significant losses in real income.},
	pages = {359--362},
	number = {6},
	journaltitle = {Intereconomics},
	shortjournal = {Intereconomics},
	author = {Sandkamp, Alexander},
	date = {2022-11-01},
}

@book{ruttinger_deutschen_2016,
	title = {Die deutschen Rohstoffpartnerschaften. Analyse der Umsetzung und Ausblick},
	series = {{RohPolRess}-Kurzanalyse},
	number = {6},
	publisher = {Umweltbundesamt},
	author = {Rüttinger, Lukas and Schüler, Fiona and Scholl, Christine and Bach, Anna},
	date = {2016},
}

@incollection{reh_quellen-_1995,
	location = {Wiesbaden},
	title = {Quellen- und Dokumentenanalyse in der Politikfeldforschung: Wer steuert die Verkehrspolitik?},
	pages = {201--259},
	booktitle = {Politikwissenschaftliche Methoden: Grundriß für Studium und Forschung},
	publisher = {{VS} Verlag für Sozialwissenschaften},
	author = {Reh, Werner},
	editor = {von Alemann, Ulrich},
	date = {1995},
}

@article{rade_globalisierung_2022,
	title = {Globalisierung als europäische Anrwort},
	journaltitle = {Tagesspiegel Background},
	author = {Rade, Andreas},
	date = {2022-04-21},
}

@article{puls_geschaftsmodell_2021,
	title = {Das Geschäftsmodell der deutschen Autohersteller und der Strukturwandel},
	volume = {74},
	pages = {3--6},
	number = {5},
	journaltitle = {ifo Schnelldienst},
	author = {Puls, Thomas},
	date = {2021},
}

@book{proff_key_2023,
	title = {The key of battery cost in Automotive},
	publisher = {Deloitte},
	author = {Proff, Harald and Zauner, Nicolas and Schlueter, Benedikt and Kunzler, Rolf},
	date = {2023},
}

@article{priebe_lithiumabbau_2023,
	title = {Lithiumabbau und sein Einfluss auf Menschenrechte und Umwelt – der europäische Rechtsrahmen},
	pages = {268--273},
	number = {9},
	journaltitle = {Klima und Recht},
	shortjournal = {{KlimR}},
	author = {Priebe, Anna-Lena and Eschweiler, Jana},
	date = {2023},
}

@book{oehl_sustainable_2022,
	title = {Sustainable Commodity Use},
	series = {European Yearbook of International Economic Law},
	publisher = {Springer International},
	author = {Oehl, Maximilian},
	date = {2022},
}

@article{nowrot_menschenrechtliche_nodate,
	title = {Menschenrechtliche Unternehmensverantwortung in der Lieferkette im internationalen Rohstoffrecht. Prozesse der Versicherheitlichung als Motor innovativer und global konsensfähiger Rechtsentwicklungen?},
	author = {Nowrot, Karsten},
}

@article{nowrot_menschenrechtliche_2022,
	title = {Menschenrechtliche Unternehmensverantwortung in der Lieferkette im internationalen Rohstoffrecht: Prozesse der Versicherheitlichung als Motor innovativer und global konsensfähiger Rechtsentwicklungen?},
	volume = {25},
	pages = {287--318},
	number = {2},
	journaltitle = {{ZEuS} Zeitschrift für Europarechtliche Studien},
	author = {Nowrot, Karsten},
	date = {2022},
}

@collection{bungenberg_gemeinsame_2016,
	location = {Baden-Baden},
	edition = {1},
	title = {Die gemeinsame Handelspolitik der Europäischen Union},
	volume = {93},
	series = {Schriftenreihe des Arbeitskreises Europäische Integration e.V.},
	publisher = {Nomos},
	editor = {Bungenberg, Marc and Herrmann, Christoph},
	date = {2016},
}

@incollection{nowrot_rohstoffhandel_2016,
	title = {Rohstoffhandel und Good Governance},
	volume = {93},
	pages = {217--253},
	booktitle = {Die gemeinsame Handelspolitik der Europäischen Union},
	author = {Nowrot, Karsten},
	editor = {Bungenberg, Marc and Herrmann, Christoph},
	date = {2016},
}

@incollection{nowrot_bilaterale_2013,
	title = {Bilaterale Rohstoffpartnerschaften. Betrachtungen zu einem neuen Steuerungsinstrument aus der Perspektive des Europa- und Völkerrechts},
	series = {Beiträge zum Transnationalen Wirtschaftsrecht},
	number = {128},
	publisher = {Martin-Luther-Universität Halle-Wittenberg},
	author = {Nowrot, Karsten},
	date = {2013},
}

@incollection{muller_reform_2023,
	title = {Reform deutscher Rohstoffkooperationen},
	series = {360 Grad},
	booktitle = {Auf Partnersuche: neue Allianzen im Rohstoffsektor},
	publisher = {Stiftung Wissenschaft und Politik},
	author = {Müller, Melanie},
	date = {2023},
}

@article{moser_zeitenwende_2022,
	title = {Die Zeitenwende: viel Zeit, wenig Wende?},
	volume = {82},
	pages = {741--756},
	number = {4},
	journaltitle = {Zeitschrift für ausländisches öffentliches Recht und Völkerrecht / Heidelberg Journal of International Law},
	author = {Moser, Carolyn},
	date = {2022},
}

@article{mortsiefer_autobauer_2022,
	title = {Autobauer brauchen präventive Stresstests},
	journaltitle = {Tagesspiegel Background},
	author = {Mortsiefer, Henrik},
	date = {2022-05-05},
}

@article{maier_globalisierung_2019,
	title = {Globalisierung im Rückwärtsgang},
	volume = {34},
	pages = {34--35},
	number = {2},
	journaltitle = {Forum Umwelt \& Entwicklung},
	author = {Maier, Jürgen},
	date = {2019},
}

@online{machnig_zeitenwende_2023,
	title = {Eine Zeitenwende in der Außenwirtschaftspolitik ist notwendig},
	titleaddon = {blog politische ökonomie},
	author = {Machnig, Matthias},
	urldate = {2023-11-12},
	date = {2023},
}

@incollection{dalla_longa_urban_2023,
	location = {Cham},
	title = {Urban Infrastructures},
	pages = {1--42},
	booktitle = {Urban Infrastructure: Globalization / Slowbalization},
	publisher = {Springer International Publishing},
	author = {Dalla Longa, Remo},
	date = {2023},
	doi = {10.1007/978-3-031-23785-0_1},
}

@report{inferrera_globalisation_2021,
	location = {Halle (Saale)},
	title = {Globalisation in Europe: Consequences for the business environment and future patterns in light of Covid-19},
	url = {https://hdl.handle.net/10419/233621},
	number = {2/2021},
	institution = {Leibniz-Institut für Wirtschaftsforschung Halle ({IWH})},
	type = {{IWH}-{CompNet} Discussion Papers},
	author = {Inferrera, Sergio},
	date = {2021},
	keywords = {330, Coronavirus, {EU}-Staaten, Globalisierung, Lieferkette, Wirkungsanalyse},
}

@article{lohr_gesetz_2022,
	title = {Ein Gesetz für die Rohstoffsicherheit},
	url = {https://www.faz.net/aktuell/wirtschaft/lehren-aus-der-gaskrise-gesetz-fuer-die-rohstoffsicherheit-18391005.html},
	journaltitle = {Frankfurter Allgemeine Zeitung},
	author = {Löhr, Julia},
	urldate = {2023-12-23},
	date = {2022-10-17},
}

@article{lamby-schmitt_china_2023,
	title = {China will Ausfuhr seltener Metalle kontrollieren},
	url = {https://www.tagesschau.de/wirtschaft/energie/china-seltene-metalle-100.html},
	journaltitle = {Tagesschau},
	author = {Lamby-Schmitt, Eva},
	urldate = {2024-01-01},
	date = {2023-07-04},
}

@incollection{kuhne_gewinnung_2020,
	location = {Wiesbaden},
	title = {Die Gewinnung mineralischer Rohstoffe als konfliktärer Landschaftsprozess},
	pages = {585--601},
	booktitle = {Landschaft als Prozess},
	publisher = {Springer Fachmedien Wiesbaden},
	author = {Kühne, Olaf and Berr, Karsten and Jenal, Corinna},
	editor = {Duttmann, Rainer and Kühne, Olaf and Weber, Florian},
	date = {2020},
}

@online{krajewski_menschenrechte_2016,
	title = {Menschenrechte als Antwort auf Verteilungsfragen im transnationalen Rohstoffrecht},
	url = {https://voelkerrechtsblog.org/menschenrechte-als-antwort-auf-verteilungsfragen-im-transnationalen-rohstoffrecht/},
	titleaddon = {Völkerrechtsblog},
	author = {Krajewski, Markus},
	urldate = {2023-11-29},
	date = {2016-05-11},
}

@book{krajewski_wirtschaftsvolkerrecht_2021,
	location = {Heidelberg},
	edition = {5},
	title = {Wirtschaftsvölkerrecht},
	publisher = {C.F. Müller},
	author = {Krajewski, Markus},
	date = {2021},
}

@article{kormbaki_wettstreit_2023,
	edition = {27},
	title = {Wettstreit um ein Wort},
	journaltitle = {Der Spiegel},
	author = {Kormbaki, Marina and Schult, Christoph},
	date = {2023-07-01},
}

@book{kagermann_resilienz_2021,
	title = {Resilienz der Fahrzeugindustrie: zwischen globalen Strukturen und lokalen Herausforderungen},
	series = {acatech Impuls},
	publisher = {acatech - Deutsche Akademie der Technikwissenschaften e.V},
	author = {Kagermann, H. and Süssenguth, F. and Körner, J. and Liepold, A. and Behrens, J.H. and Technikwissenschaften, Deutsche Akademie der},
	date = {2021},
}

@book{kirchner_rohstofferschliesungsvorhaben_nodate,
	title = {Rohstofferschließungsvorhaben in Entwicklungsländern. Teil 1: Interessenrahmen, Verhandlungsprozeß, rechtliche Konzeptionen},
	author = {Kirchner},
}

@incollection{kirchner_rohstofferschliesungsvorhaben_1977,
	location = {Frankfurt/M},
	title = {Rohstofferschließungsvorhaben in Entwicklungsländern. Teil 1: Interessenrahmen, Verhandlungsprozeß, rechtliche Konzeptionen},
	volume = {1},
	booktitle = {Studien zum Internationalen Rohstoffrecht},
	publisher = {Alfred Metzner Verlag},
	author = {Kirchner, Christian and Schanze, Erich and von Schlabrendorff, Fabian and Stockmayer, Albrecht and Wäldle, Thomas W. and Fritsche, Michael and Patzina, Reinhard},
	editor = {Jaenicke, Günther and Mertens, Hans-Joachim and Rehbinder, Erhard},
	date = {1977},
}

@book{international_energy_agency_role_2021,
	title = {The Role of Critical Minerals in Clean Energy Transitions. Reliable supply of minerals},
	series = {World Energy Outlook Special Report},
	author = {International Energy Agency},
	date = {2021},
}

@book{herdegen_internationales_2020,
	location = {München},
	edition = {12},
	title = {Internationales Wirtschaftsrecht},
	series = {Juristische Kurzlehrbücher},
	publisher = {C.H.{BECK}},
	author = {Herdegen, Matthias},
	date = {2020},
}

@article{henning_politics_1968,
	title = {The politics of natural resources administration},
	volume = {2},
	pages = {239--248},
	number = {1},
	journaltitle = {The Annals of Regional Science},
	shortjournal = {The Annals of Regional Science},
	author = {Henning, Daniel H.},
	date = {1968-12-01},
}

@article{hanisch_besprechung_1984,
	title = {Besprechung Internationale und supranationale Rohstoffverwaltung},
	volume = {1984},
	series = {Verfassung und Recht in Übersee},
	pages = {401--408},
	number = {3},
	author = {Hanisch, Rolf},
	date = {1984},
}

@article{gramlich_zeisberg_2021,
	title = {Zeisberg, Marie-Christine: Ein Rohstoffvölkerrecht für das 21. Jahrhundert},
	volume = {81},
	pages = {1075--1080},
	number = {4},
	journaltitle = {Zeitschrift für ausländisches öffentliches Recht und Völkerrecht / Heidelberg Journal of International Law},
	author = {Gramlich, Ludwig},
	date = {2021},
}

@report{gaus_rare_2021,
	location = {Berlin},
	title = {Rare Earth Magnets and Motors: A European Call for Action},
	institution = {Rare Earth Magnets and Motors Cluster of the European Raw Materials Alliance.},
	author = {Gauß, Roland and Burkhardt, Carlo and Carencotte, Frédéric and Gasparon, Massimo and Gutfleisch, Oliver and Higgins, Ian and Karajić, Milana and Klossek, Andreas and Mäkinen, Maija and Schäfer, Bernd and Schindler, Reinhold and Veluri, Badrinath},
	date = {2021},
}

@inreference{bendel_nearshoring_2022,
	title = {Nearshoring},
	url = {https://wirtschaftslexikon.gabler.de/definition/nearshoring-54118/version-385417},
	booktitle = {Gabler {WIrtschaftslexikon}},
	author = {Bendel, Oliver},
	urldate = {2024-02-07},
	date = {2022},
}

@book{fuest_geopolitische_2022,
	title = {Geopolitische Herausforderungen und ihre Folgen für das deutsche Wirtschaftsmodell},
	publisher = {ifo Institut, Vereinigung der Bayerischen Wirtschaft},
	author = {Fuest, Clemens and Flach, Lisandra and Dorn, Florian and Scheckenhofer, Lisa},
	date = {2022},
}

@book{frieske_zukunftsfahige_2022,
	title = {Zukunftsfähige Lieferketten und neue Wertschöpfungsstrukturen in der Automobilindustriew},
	publisher = {e-mobil {BW} {GmbH}},
	author = {Frieske, Benjamin and Huber, Alexander},
	date = {2022},
}

@article{frenz_unternehmensabgabe_2023,
	title = {Unternehmensabgabe für staatliche Rohstoffsicherung und Verfassungsrecht},
	volume = {78},
	pages = {585--588},
	number = {11},
	journaltitle = {Betriebs-Berater},
	author = {Frenz, Walter},
	date = {2023},
}

@article{dr_ingo_brinker_notitle_2023,
	volume = {58},
	url = {https://doi.org/10.5771/0531-2485-2023-3},
	doi = {10.5771/0531-2485-2023-3},
	abstract = {Die Zeitschrift widmet sich der Analyse und Fortentwicklung des
Europarechts, insbesondere des Rechts der Europäischen Union. Das
Spektrum ihrer Themen umfassst insbesondere Grundfragen der
europäischen Integration, das Wirtschaftsrecht des Binnenmarktes, den
Grundrechtsschutz in Europa und Probleme der einzelnen europäischen
Politiken. In Aufsätzen, kleineren Beiträgen und Urteilsanmerkungen
wird die ganze Bandbreite der europäischen Rechtentwicklung
wissenschaftlich aufbereitet. Die {EUROPARECHT} zählt die bedeutendsten
deutschen und ausländischen Europarechtler zu ihrem Autorenstamm. Ein
Kreis prominenter Europarechtler aus Wissenschaft und Praxis sichert
ihre Qualität. Sie ist daher seit Jahrzehnten die führende
deutschsprachige Zeitschrift in ihrem Bereich.},
	number = {3},
	journaltitle = {Europarecht ({EuR})},
	author = {Dr. Ingo Brinker, {LL}.M. Rechtsanwalt München and Prof. Dr. Claus Dieter Classen, Universität Greifswald and Prof. Dr. Dr. h.c. Claus-Dieter Ehlermann, Rechtsanwalt, Brüssel, ehem. Generaldirektor der {EU}-Kommission and Prof. Dr. Dr. h.c. Ulrich Everling †, Universität Bonn, ehem. Richter am {EuGH} and Prof. Dr. Armin Hatje, Universität Hamburg and Prof. Dr. Meinhard Hilf, Hamburg, Bucerius Law School and Prof. Dr. Koen Lenaerts, Präsident des Gerichtshofs der Europäischen Union and Prof. Dr. Dr. h.c. Peter-Christian Müller-Graff, Universität Heidelberg and Prof. Dr. Matthias Ruffert, Humboldt-Universität zu Berlin and Prof. Dr. Jürgen Schwarze, Universität Freiburg and Prof. Dr. Dr. h.c. Vassilios Skouris, Luxemburg, ehem. Präsident des Gerichtshofs der Europäischen Union and Prof. Dr. Ulrich Wölker, Brüssel, ehem. Juristischer Dienst der {EU}-Kommission},
	urldate = {2024-04-07},
	date = {2023},
	langid = {german},
}

@article{frenz_staatliche_2023,
	title = {Staatliche Rohstoffaktivitäten und Europarecht},
	volume = {58},
	pages = {238--251},
	number = {3},
	journaltitle = {Europarecht},
	shortjournal = {{EuR}},
	author = {Frenz, Walter},
	editor = {Brinker, Ingo and Classen, Claus Dieter and Ehlermann, Claus-Dieter and Hatje, Armin and Hilf, Meinhard and Lenaerts, Koen and Müller-Graff, Peter-Christian and Ruffert, Matthias and Schwarze, Jürgen and Skouris, Vassilios and Wölker, Ulrich},
	date = {2023},
}

@book{pavel_genehmigungsverfahren_2022,
	title = {Genehmigungsverfahren zum Rohstofabbau in Deutschland},
	series = {Studie im Auftrag des Bundesministeriums für Wirtschaft und Klimaschutz ({BMWK})},
	publisher = {Ernst \& Young {GmbH} Wirtschaftsprüfungsgesellschaft},
	author = {Pavel, Ferdinand and Knuth, Lars and Bernstein, Maria and Matheoschat, Maximilian and Otto, Sven-Joachim and Frenz, Walter and Pielow, Johann-Christian},
	date = {2022},
}

@online{feichtner_besonderheit_2016,
	title = {Die Besonderheit der Bodenschätze. Eine Erwiderung auf Markus Krajewski},
	url = {https://voelkerrechtsblog.org/de/die-besonderheit-der-bodenschatze/},
	titleaddon = {Völkerrechtsblog},
	author = {Feichtner, Isabel},
	urldate = {2023-12-18},
	date = {2016-05-16},
}

@article{falke_neue_2023,
	title = {Neue Entwicklungen im Europäischen Umweltrecht},
	volume = {2024},
	pages = {245--255},
	number = {4},
	journaltitle = {Zeitschrift für Umweltrecht},
	shortjournal = {{ZUR}},
	author = {Falke, Josef},
	date = {2023},
}

@book{europaische_kommission_globale_2015,
	title = {Globale Trends bis 2030 : kann die {EU} die anstehenden Herausforderungen bewältigen?},
	publisher = {Publications Office},
	author = {Europäische Kommission},
	date = {2015},
	doi = {doi/10.2796/441289},
}

@book{europaisches_parlament_securing_2023,
	title = {Securing Europe's supply of critical raw materials. The material nature of the {EU}'s strategic goals},
	series = {Briefing},
	author = {Europäisches Parlament},
	date = {2023},
}

@book{europaische_kommission_study_2023,
	title = {Study on the critical raw materials for the {EU} 2023 – Final report},
	publisher = {Publications Office of the European Union},
	author = {Europäische Kommission and Generaldirektion Binnenmarkt, Industrie, Unternehmertum und {KMU} and Grohol, Milan and Veeh, Constanze},
	date = {2023},
	doi = {doi/10.2873/725585},
}

@misc{europaischer_auswartiger_dienst_foreign_2023,
	title = {Foreign Affairs Council: Press remarks by High Representative Josep Borrell upon arrival},
	url = {https://www.eeas.europa.eu/eeas/foreign-affairs-council-press-remarks-high-representative-josep-borrell-upon-arrival-9_en},
	author = {Europäischer Auswärtiger Dienst},
	urldate = {2023-11-11},
	date = {2023-05-22},
}

@report{wissenschaftliche_dienste_des_deutschen_bundestages_seltende_2022,
	title = {Seltende Erden als wichtge Ressource},
	number = {{WD} 5 - 3000 - 003/22},
	type = {Sachstand},
	author = {Wissenschaftliche Dienste des Deutschen Bundestages},
	date = {2022},
}

@misc{deutsche_bundesregierung_reden_2022,
	title = {Reden zur Zeitenwende. Bundeskanzler Olaf Scholz, Regierungserklärung in der Sondersitzung zum Krieg gegen die Ukraine vor dem Deutschen Bundestag am 27. Februar 2022 in Berlin},
	publisher = {Presse- und Informationsamt der Bundesregierung},
	author = {Deutsche Bundesregierung},
	date = {2022},
}

@incollection{dauke_rohstoff-_2011,
	location = {Heidelberg},
	title = {Rohstoff- und Kreislaufwirtschaft — eine volkswirtschaftliche Chimäre?},
	abstract = {Rohstoff- und Kreislaufwirtschaft als Chimäre, werden in diesem Beitrag verstanden als},
	pages = {3--7},
	booktitle = {Energie und Rohstoffe: Gestaltung unserer nachhaltigen Zukunft},
	publisher = {Spektrum Akademischer Verlag},
	author = {Dauke, Detlef},
	editor = {Kausch, Peter and Gutzmer, Jens and Bertau, Martin and Matschullat, Jörg},
	date = {2011},
}

@article{butollo_deglobalisierung_2022,
	title = {Deglobalisierung, Rekonfiguration oder Business as Usual? {COVID}-19 und die Grenzen der Rückverlagerung globalisierter Produktion},
	volume = {32},
	pages = {393--425},
	number = {3},
	journaltitle = {Berliner Journal für Soziologie},
	author = {Butollo, Florian and Staritz, Cornelia},
	date = {2022-09-01},
}

@article{book_amerikaner_2023,
	edition = {45},
	title = {Die Amerikaner sehnen sich nach Trumps Wirtschaftspolitik zurück},
	journaltitle = {Der Spiegel},
	author = {Book, Simon and Demling, Alexander and Zöttl, Ines},
	date = {2023-11-06},
}

@book{bundesministerium_fur_wirtschaft_und_klimaschutz_bmwk_industriepolitik_2023,
	title = {Industriepolitik in der Zeitenwende},
	publisher = {Öffentlichkeitsarbeit},
	author = {Bundesministerium für Wirtschaft und Klimaschutz ({BMWK})},
	date = {2023},
}

@article{bundesministerium_fur_wirtschaft_und_klimaschutz_bmwk_batterien_2020,
	title = {Batterien für die Mobilität von morgen},
	url = {https://www.bmwk.de/Redaktion/DE/Artikel/Industrie/batteriezellfertigung.html},
	author = {Bundesministerium für Wirtschaft und Klimaschutz ({BMWK})},
	urldate = {2023-12-20},
	date = {2020},
}

@article{becker_vom_2023,
	edition = {17},
	title = {Vom Regen in die Traufe},
	journaltitle = {Der Spiegel},
	author = {Becker, Markus},
	date = {2023-04-22},
}

@collection{acatech__deutsche_akademie_der_technikwissenschaften_rohstoffe_2017,
	title = {Rohstoffe für die Energiewende: Wege zu einer sicheren und nachhaltigen Versorgung},
	series = {Schriftenreihe zur wissenschaftsbasierten Politikberatung},
	editor = {acatech – Deutsche Akademie der Technikwissenschaften and Nationale Akademie der Wissenschaften Leopoldina and Union der deutschen Akademien der Wissenschaften},
	date = {2017},
}
